%%%%%%%%%%%%%%%%%%%%%%%%%%%%%%%% Source Code  %%%%%%%%%%%%%%%%%%%%%%%%%%%%%%%%%

@online{sourcecode-alex,
   author = {Microsoft},
   title = {ALEX - A library for building an in-memory, Adaptive Learned indEX},
   year = 2021,
   url = {https://github.com/microsoft/ALEX},
   urldate = {2021-07-08}
}

@online{sourcecode-pgm,
   author = {Ferragina, Paolo and Vinciguerra, Giorgio},
   title = {PGM-index: State-of-the-art learned data structure},
   year = 2021,
   url = {https://github.com/gvinciguerra/PGM-index},
   urldate = {2021-07-08}
}

@online{sourcecode-logarithmic-error-regression,
   author = {Eppert, Martin and Fent, Philipp and Neumann, Thomas},
   title = {A Tailored Regression for Learned Indexes: Logarithmic Error Regression},
   year = {2021},
   url = {https://github.com/umatin/LogarithmicErrorRegression},
   urldate = {2021-07-08}
}

@online{sourcecode-lower_bound,
   title = {std::lower_bound},
   year = 2021,
   url = {https://en.cppreference.com/w/cpp/algorithm/lower_bound},
   urldate = {2021-07-08}
}

@online{sourcecode-b-tree,
   title = {STX B+ Tree},
   year = 2021,
   url = {https://panthema.net/2007/stx-btree/},
   urldate = {2021-07-08}
}

@online{sourcecode-lipp,
   author = {Wu, Jiacheng and Zhang, Yong and Chen, Shimin and Wang, Jin and Chen, Yu and Xing, Chunxiao},
   title = {LIPP: Updatable Learned Index with Precise Positions},
   year = 2021,
   url = {https://github.com/Jiacheng-WU/lipp/},
   urldate = {2021-07-08}
}

@online{sourcecode-sosd,
   title = {SOSD Benchmark},
   year = 2021,
   url = {https://github.com/learnedsystems/SOSD},
   urldate = {2021-07-08}
}

%%%%%%%%%%%%%%%%%%%%%%%%%%%%%%%%%% Datasets  %%%%%%%%%%%%%%%%%%%%%%%%%%%%%%%%%%


@data{DVN/JGVF9A_2019,
author = {Marcus, Ryan and Kipf, Andreas and van Renen, Alex},
publisher = {Harvard Dataverse},
title = {{Searching on Sorted Data}},
year = {2019},
version = {V10},
doi = {10.7910/DVN/JGVF9A},
url = {https://doi.org/10.7910/DVN/JGVF9A}
}

%%%%%%%%%%%%%%%%%%%%%%%%%%%%%%%%%% Auto ML  %%%%%%%%%%%%%%%%%%%%%%%%%%%%%%%%%%

@article{RN474,
   author = {Wang, Chi and Wu, Qingyun and Weimer, Markus and Zhu, Erkang},
   title = {FLAML: A Fast and Lightweight AutoML Library},
   journal = {Proceedings of Machine Learning and Systems},
   volume = {3},
   year = {2021},
   type = {Journal Article}
}

%%%%%%%%%%%%%%%%%%%%%%%%%%%%%%%%%% Data Structure %%%%%%%%%%%%%%%%%%%%%%%%%%%%%%%%%%


@misc{RN427,
   author = {Mitzenmacher, Michael and Pontarelli, Salvatore and Reviriego, Pedro},
   title = {Adaptive cuckoo filters},
   ISBN = {1084-6654},
   year = {2020},
   type = {Generic}
}

@inproceedings{RN409,
   author = {Leis, Viktor and Kemper, Alfons and Neumann, Thomas},
   title = {The adaptive radix tree: ARTful indexing for main-memory databases},
   booktitle = {2013 IEEE 29th International Conference on Data Engineering (ICDE)},
   publisher = {IEEE},
   pages = {38-49},
   ISBN = {1467349100},
   year = {2013},
   type = {Conference Proceedings}
}

@inproceedings{RN463,
   author = {Athanassoulis, Manos and Ailamaki, Anastasia},
   title = {BF-tree: approximate tree indexing},
   booktitle = {Proceedings of the 40th International Conference on Very Large Databases},
   year = {2014},
   type = {Conference Proceedings}
}

@misc{RN411,
   author = {Wu, Yingjun and Yu, Jia and Tian, Yuanyuan and Sidle, Richard and Barber, Ronald},
   title = {Designing Succinct Secondary Indexing Mechanism by Exploiting Column Correlations},
   pages = {1223–1240},
   DOI= {10.1145/3299869.3319861},
   url = {https://doi.org/10.1145/3299869.3319861},
   year = {2019},
   type = {Conference Paper}
}

@misc{RN412,
   author = {Kim, Changkyu and Chhugani, Jatin and Satish, Nadathur and Sedlar, Eric and Nguyen, Anthony D. and Kaldewey, Tim and Lee, Victor W. and Brandt, Scott A. and Dubey, Pradeep},
   title = {FAST: fast architecture sensitive tree search on modern CPUs and GPUs},
   pages = {339–350},
   DOI= {10.1145/1807167.1807206},
   url = {https://doi.org/10.1145/1807167.1807206},
   year = {2010},
   type = {Conference Paper}
}

@article{RN455,
   author = {Hadian, Ali and Heinis, Thomas},
   title = {Interpolation-friendly B-trees: Bridging the Gap Between Algorithmic and Learned Indexes},
   year = {2019},
   type = {Journal Article}
}

@misc{RN709,
   author = {Bayer, R. and McCreight, E.},
   title = {Organization and maintenance of large ordered indices},
   pages = {107–141},
   DOI= {10.1145/1734663.1734671},
   url = {https://doi.org/10.1145/1734663.1734671},
}


%%%%%%%%%%%%%%%%%%%%%%%%%%%%%%%%%% Data Poisoning %%%%%%%%%%%%%%%%%%%%%%%%%%%%%%%%%%


@article{RN725,
   author = {Tang, Sanli and Huang, Xiaolin and Chen, Mingjian and Sun, Chengjin and Yang, Jie},
   title = {Adversarial attack type i: Cheat classifiers by significant changes},
   journal = {IEEE transactions on pattern analysis and machine intelligence},
   ISSN = {0162-8828},
   year = {2019},
   type = {Journal Article}
}

@inproceedings{RN701,
   author = {Huang, Ling and Joseph, Anthony D and Nelson, Blaine and Rubinstein, Benjamin IP and Tygar, J Doug},
   title = {Adversarial machine learning},
   booktitle = {Proceedings of the 4th ACM workshop on Security and artificial intelligence},
   pages = {43-58},
   year = {2011},
   type = {Conference Proceedings}
}

@article{RN420,
   author = {Sablayrolles, Alexandre and Douze, Matthijs and Schmid, Cordelia and Jégou, Hervé},
   title = {D\'ej\a Vu: an empirical evaluation of the memorization properties of ConvNets},
   journal = {arXiv preprint arXiv:1809.06396},
   year = {2018},
   type = {Journal Article}
}

@inproceedings{RN715,
   author = {Müller, Nicolas and Kowatsch, Daniel and Böttinger, Konstantin},
   title = {Data Poisoning Attacks on Regression Learning and Corresponding Defenses},
   booktitle = {2020 IEEE 25th Pacific Rim International Symposium on Dependable Computing (PRDC)},
   publisher = {IEEE},
   pages = {80-89},
   ISBN = {1728180031},
   year = {2020},
   type = {Conference Proceedings}
}

@article{RN447,
   author = {Goldblum, Micah and Tsipras, Dimitris and Xie, Chulin and Chen, Xinyun and Schwarzschild, Avi and Song, Dawn and Madry, Aleksander and Li, Bo and Goldstein, Tom},
   title = {Data Security for Machine Learning: Data Poisoning, Backdoor Attacks, and Defenses},
   journal = {arXiv preprint arXiv:2012.10544},
   year = {2020},
   type = {Journal Article}
}

@article{RN717,
   author = {Weerasinghe, Sandamal and Erfani, Sarah M and Alpcan, Tansu and Leckie, Christopher and Kopacz, Justin},
   title = {Defending regression learners against poisoning attacks},
   journal = {arXiv preprint arXiv:2008.09279},
   year = {2020},
   type = {Journal Article}
}

@inproceedings{RN700,
   author = {Biggio, Battista and Corona, Igino and Maiorca, Davide and Nelson, Blaine and Šrndić, Nedim and Laskov, Pavel and Giacinto, Giorgio and Roli, Fabio},
   title = {Evasion attacks against machine learning at test time},
   booktitle = {Joint European conference on machine learning and knowledge discovery in databases},
   publisher = {Springer},
   pages = {387-402},
   year = {2013},
   type = {Conference Proceedings}
}

@misc{RN707,
   author = {Kianifard, Farid},
   title = {A First Course in the Theory of Linear Statistical Models},
   ISBN = {0040-1706},
   year = {1992},
   type = {Generic}
}

@misc{RN714,
   author = {Raghuram, Jayaram and Chandrasekaran, Varun and Jha, Somesh and Banerjee, Suman},
   title = {A General Framework For Detecting Anomalous Inputs to DNN Classifiers},
   volume = {139},
   pages = {8764--8775},
   url = {http://proceedings.mlr.press/v139/raghuram21a.html},
   year = {2021},
   type = {Conference Paper}
}

@article{RN713,
   author = {Yang, Chaofei and Wu, Qing and Li, Hai and Chen, Yiran},
   title = {Generative poisoning attack method against neural networks},
   journal = {arXiv preprint arXiv:1703.01340},
   year = {2017},
   type = {Journal Article}
}

@inproceedings{RN706,
   author = {Xiao, Huang and Biggio, Battista and Brown, Gavin and Fumera, Giorgio and Eckert, Claudia and Roli, Fabio},
   title = {Is feature selection secure against training data poisoning?},
   booktitle = {international conference on machine learning},
   publisher = {PMLR},
   pages = {1689-1698},
   year = {2015},
   type = {Conference Proceedings}
}

@inproceedings{RN716,
   author = {Reviriego, Pedro and Hernández, José Alberto and Dai, Zhenwei and Shrivastava, Anshumali},
   title = {Learned Bloom Filters in Adversarial Environments: A Malicious URL Detection Use-Case},
   booktitle = {2021 IEEE 22nd International Conference on High Performance Switching and Routing (HPSR)},
   publisher = {IEEE},
   pages = {1-6},
   ISBN = {1665440058},
   year = {2021},
   type = {Conference Proceedings}
}

@article{RN453,
   author = {Tang, Chuzhe and Dong, Zhiyuan and Wang, Minjie and Wang, Zhaoguo and Chen, Haibo},
   title = {Learned indexes for dynamic workloads},
   journal = {arXiv preprint arXiv:1902.00655},
   year = {2019},
   type = {Journal Article}
}

@inproceedings{RN461,
   author = {Jagielski, Matthew and Oprea, Alina and Biggio, Battista and Liu, Chang and Nita-Rotaru, Cristina and Li, Bo},
   title = {Manipulating machine learning: Poisoning attacks and countermeasures for regression learning},
   booktitle = {2018 IEEE Symposium on Security and Privacy (SP)},
   publisher = {IEEE},
   pages = {19-35},
   ISBN = {1538643537},
   year = {2018},
   type = {Conference Proceedings}
}

@article{RN730,
   author = {Salem, Ahmed and Zhang, Yang and Humbert, Mathias and Berrang, Pascal and Fritz, Mario and Backes, Michael},
   title = {Ml-leaks: Model and data independent membership inference attacks and defenses on machine learning models},
   journal = {arXiv preprint arXiv:1806.01246},
   year = {2018},
   type = {Journal Article}
}

@inproceedings{RN729,
   author = {Wang, Bolun and Yao, Yuanshun and Shan, Shawn and Li, Huiying and Viswanath, Bimal and Zheng, Haitao and Zhao, Ben Y},
   title = {Neural cleanse: Identifying and mitigating backdoor attacks in neural networks},
   booktitle = {2019 IEEE Symposium on Security and Privacy (SP)},
   publisher = {IEEE},
   pages = {707-723},
   ISBN = {153866660X},
   year = {2019},
   type = {Conference Proceedings}
}

@article{RN704,
   author = {Biggio, Battista and Nelson, Blaine and Laskov, Pavel},
   title = {Poisoning attacks against support vector machines},
   journal = {arXiv preprint arXiv:1206.6389},
   year = {2012},
   type = {Journal Article}
}

@inproceedings{RN459,
   author = {Liu, Chang and Li, Bo and Vorobeychik, Yevgeniy and Oprea, Alina},
   title = {Robust linear regression against training data poisoning},
   booktitle = {Proceedings of the 10th ACM Workshop on Artificial Intelligence and Security},
   pages = {91-102},
   year = {2017},
   type = {Conference Proceedings}
}

@article{RN727,
   author = {Barreno, Marco and Nelson, Blaine and Joseph, Anthony D and Tygar, J Doug},
   title = {The security of machine learning},
   journal = {Machine Learning},
   volume = {81},
   number = {2},
   pages = {121-148},
   ISSN = {1573-0565},
   year = {2010},
   type = {Journal Article}
}

@article{RN421,
   author = {Sablayrolles, Alexandre and Douze, Matthijs and Schmid, Cordelia and Jégou, Hervé},
   title = {Spreading vectors for similarity search},
   journal = {arXiv preprint arXiv:1806.03198},
   year = {2018},
   type = {Journal Article}
}

@inproceedings{RN705,
   author = {Muñoz-González, Luis and Biggio, Battista and Demontis, Ambra and Paudice, Andrea and Wongrassamee, Vasin and Lupu, Emil C and Roli, Fabio},
   title = {Towards poisoning of deep learning algorithms with back-gradient optimization},
   booktitle = {Proceedings of the 10th ACM Workshop on Artificial Intelligence and Security},
   pages = {27-38},
   year = {2017},
   type = {Conference Proceedings}
}

@inproceedings{RN703,
   author = {Mei, Shike and Zhu, Xiaojin},
   title = {Using machine teaching to identify optimal training-set attacks on machine learners},
   booktitle = {Twenty-Ninth AAAI Conference on Artificial Intelligence},
   year = {2015},
   type = {Conference Proceedings}
}

@article{RN726,
   author = {Biggio, Battista and Roli, Fabio},
   title = {Wild patterns: Ten years after the rise of adversarial machine learning},
   journal = {Pattern Recognition},
   volume = {84},
   pages = {317-331},
   ISSN = {0031-3203},
   year = {2018},
   type = {Journal Article}
}



%%%%%%%%%%%%%%%%%%%%%%%%%%%%%%%%%% Machine Unlearning %%%%%%%%%%%%%%%%%%%%%%%%%%%%%%%%%%




@inproceedings{RN468,
   author = {Zanella-Béguelin, Santiago and Wutschitz, Lukas and Tople, Shruti and Rühle, Victor and Paverd, Andrew and Ohrimenko, Olga and Köpf, Boris and Brockschmidt, Marc},
   title = {Analyzing information leakage of updates to natural language models},
   booktitle = {Proceedings of the 2020 ACM SIGSAC Conference on Computer and Communications Security},
   pages = {363-375},
   year = {2020},
   type = {Conference Proceedings}
}

@article{RN471,
   author = {Izzo, Zachary and Smart, Mary Anne and Chaudhuri, Kamalika and Zou, James},
   title = {Approximate data deletion from machine learning models: Algorithms and evaluations},
   journal = {arXiv preprint arXiv:2002.10077},
   year = {2020},
   type = {Journal Article}
}

@article{RN473,
   author = {Guo, Chuan and Goldstein, Tom and Hannun, Awni and Van Der Maaten, Laurens},
   title = {Certified data removal from machine learning models},
   journal = {arXiv preprint arXiv:1911.03030},
   year = {2019},
   type = {Journal Article}
}

@article{RN472,
   author = {Brophy, Jonathan and Lowd, Daniel},
   title = {DART: Data Addition and Removal Trees},
   journal = {arXiv preprint arXiv:2009.05567},
   year = {2020},
   type = {Journal Article}
}

@article{RN694,
   author = {Schelter, Sebastian and Grafberger, Stefan and Dunning, Ted},
   title = {HedgeCut: Maintaining Randomised Trees for Low-Latency Machine Unlearning},
   year = {2021},
   type = {Journal Article}
}

@article{RN467,
   author = {Bourtoule, Lucas and Chandrasekaran, Varun and Choquette-Choo, Christopher A and Jia, Hengrui and Travers, Adelin and Zhang, Baiwu and Lie, David and Papernot, Nicolas},
   title = {Machine unlearning},
   journal = {arXiv preprint arXiv:1912.03817},
   year = {2019},
   type = {Journal Article}
}

@article{RN470,
   author = {Ginart, Antonio and Guan, Melody Y and Valiant, Gregory and Zou, James},
   title = {Making ai forget you: Data deletion in machine learning},
   journal = {arXiv preprint arXiv:1907.05012},
   year = {2019},
   type = {Journal Article}
}

@misc{RN464,
   author = {Sekhari, Ayush and Acharya, Jayadev and Kamath, Gautam and Theertha Suresh, Ananda},
   pages = {arXiv:2103.03279},
   month = {March 01, 2021},
   url = {https://ui.adsabs.harvard.edu/abs/2021arXiv210303279S},
   year = {2021},
   type = {Electronic Article}
}

@article{RN469,
   author = {Chen, Min and Zhang, Zhikun and Wang, Tianhao and Backes, Michael and Humbert, Mathias and Zhang, Yang},
   title = {When Machine Unlearning Jeopardizes Privacy},
   journal = {arXiv preprint arXiv:2005.02205},
   year = {2020},
   type = {Journal Article}
}

@misc{RN707,
   author = {Kianifard, Farid},
   ISBN = {0040-1706},
   year = {1992},
   type = {Generic}
}



%%%%%%%%%%%%%%%%%%%%%%%%%%%%%%%%%% Learned index structures %%%%%%%%%%%%%%%%%%%%%%%%%%%%%%%%%%


@inproceedings{RN388,
   author = {Ding, Jialin and Minhas, Umar Farooq and Yu, Jia and Wang, Chi and Do, Jaeyoung and Li, Yinan and Zhang, Hantian and Chandramouli, Badrish and Gehrke, Johannes and Kossmann, Donald},
   title = {ALEX: an updatable adaptive learned index},
   booktitle = {Proceedings of the 2020 ACM SIGMOD International Conference on Management of Data},
   pages = {969-984},
   year = {2020},
   type = {Conference Proceedings}
}

@article{RN413,
   author = {Marcus, Ryan and Kipf, Andreas and van Renen, Alexander and Stoian, Mihail and Misra, Sanchit and Kemper, Alfons and Neumann, Thomas and Kraska, Tim},
   title = {Benchmarking learned indexes},
   journal = {arXiv preprint arXiv:2006.12804},
   year = {2020},
   type = {Journal Article}
}

@inproceedings{RN385,
   author = {Kraska, Tim and Beutel, Alex and Chi, Ed H and Dean, Jeffrey and Polyzotis, Neoklis},
   title = {The case for learned index structures},
   booktitle = {Proceedings of the 2018 International Conference on Management of Data},
   pages = {489-504},
   year = {2018},
   type = {Conference Proceedings}
}

@inproceedings{RN386,
   author = {Marcus, Ryan and Zhang, Emily and Kraska, Tim},
   title = {CDFShop: Exploring and Optimizing Learned Index Structures},
   booktitle = {Proceedings of the 2020 ACM SIGMOD International Conference on Management of Data},
   pages = {2789-2792},
   year = {2020},
   type = {Conference Proceedings}
}

@article{RN721,
   author = {Zhang, Zhou and Jin, Pei-Quan and Wang, Xiao-Liang and Lv, Yan-Qi and Wan, Shou-Hong and Xie, Xi-Ke},
   title = {COLIN: A Cache-Conscious Dynamic Learned Index with High Read/Write Performance},
   journal = {Journal of Computer Science and Technology},
   volume = {36},
   number = {4},
   pages = {721-740},
   ISSN = {1860-4749},
   year = {2021},
   type = {Journal Article}
}

@inproceedings{RN456,
   author = {Hadian, Ali and Heinis, Thomas},
   title = {Considerations for handling updates in learned index structures},
   booktitle = {Proceedings of the Second International Workshop on Exploiting Artificial Intelligence Techniques for Data Management},
   pages = {1-4},
   year = {2019},
   type = {Conference Proceedings}
}

@article{RN424,
   author = {Bilgram, Rasmus and Nielsen, Per Hedegaard},
   title = {Cost Models for Learned Index with Insertions},
   year = {2019},
   type = {Journal Article}
}

@article{RN699,
   author = {Maltry, Marcel and Dittrich, Jens},
   title = {A Critical Analysis of Recursive Model Indexes},
   journal = {arXiv preprint arXiv:2106.16166},
   year = {2021},
   type = {Journal Article}
}

@book{RN465,
   author = {Overmars, Mark H},
   title = {The design of dynamic data structures},
   publisher = {Springer Science and Business Media},
   volume = {156},
   ISBN = {354012330X},
   year = {1987},
   type = {Book}
}

@inproceedings{RN723,
   author = {Wang, Youyun and Tang, Chuzhe and Yao, Xujia},
   title = {A Distribution-Aware Training Scheme for Learned Indexes},
   series = {Web and Big Data},
   publisher = {Springer International Publishing},
   pages = {143-157},
   ISBN = {978-3-030-85899-5},
   year = {2021},
   address = {Cham},
   type = {Conference Proceedings}
}

@misc{RN410,
   author = {Galakatos, Alex and Markovitch, Michael and Binnig, Carsten and Fonseca, Rodrigo and Kraska, Tim},
   title = {FITing-Tree: A Data-aware Index Structure},
   pages = {1189–1206},
   DOI= {10.1145/3299869.3319860},
   url = {https://doi.org/10.1145/3299869.3319860},
   year = {2019},
   type = {Conference Paper}
}

@inproceedings{RN417,
   author = {Dai, Yifan and Xu, Yien and Ganesan, Aishwarya and Alagappan, Ramnatthan and Kroth, Brian and Arpaci-Dusseau, Andrea and Arpaci-Dusseau, Remzi},
   title = {From wisckey to bourbon: A learned index for log-structured merge trees},
   booktitle = {14th {USENIX} Symposium on Operating Systems Design and Implementation ({OSDI} 20)},
   pages = {155-171},
   ISBN = {193913319X},
   year = {2020},
   type = {Conference Proceedings}
}

@inproceedings{RN408,
   author = {Setiawan, Naufal Fikri and Rubinstein, Benjamin IP and Borovica-Gajic, Renata},
   title = {Function interpolation for learned index structures},
   booktitle = {Australasian Database Conference},
   publisher = {Springer},
   pages = {68-80},
   year = {2020},
   type = {Conference Proceedings}
}

@article{RN477,
   author = {Chen, Leying and Chen, Shimin},
   title = {How Does Updatable Learned Index Perform on Non-Volatile Main Memory?},
   type = {Journal Article}
}

@inproceedings{RN716,
   author = {Reviriego, Pedro and Hernández, José Alberto and Dai, Zhenwei and Shrivastava, Anshumali},
   title = {Learned Bloom Filters in Adversarial Environments: A Malicious URL Detection Use-Case},
   booktitle = {2021 IEEE 22nd International Conference on High Performance Switching and Routing (HPSR)},
   publisher = {IEEE},
   pages = {1-6},
   ISBN = {1665440058},
   year = {2021},
   type = {Conference Proceedings}
}

@inbook{RN475,
   author = {Ferragina, Paolo and Vinciguerra, Giorgio},
   title = {Learned data structures},
   booktitle = {Recent Trends in Learning From Data},
   publisher = {Springer},
   pages = {5-41},
   year = {2020},
   type = {Book Section}
}

@article{RN416,
   author = {Abu-Libdeh, Hussam and Altınbüken, Deniz and Beutel, Alex and Chi, Ed H and Doshi, Lyric and Kraska, Tim and Ly, Andy and Olston, Christopher},
   title = {Learned Indexes for a Google-scale Disk-based Database},
   journal = {arXiv preprint arXiv:2012.12501},
   year = {2020},
   type = {Journal Article}
}

@inproceedings{RN414,
   author = {Boffa, Antonio and Ferragina, Paolo and Vinciguerra, Giorgio},
   title = {A “Learned” Approach to Quicken and Compress Rank/Select Dictionaries},
   booktitle = {2021 Proceedings of the Workshop on Algorithm Engineering and Experiments (ALENEX)},
   publisher = {SIAM},
   pages = {46-59},
   year = {2021},
   type = {Conference Proceedings}
}

@inproceedings{RN407,
   author = {Nathan, Vikram and Ding, Jialin and Alizadeh, Mohammad and Kraska, Tim},
   title = {Learning multi-dimensional indexes},
   booktitle = {Proceedings of the 2020 ACM SIGMOD International Conference on Management of Data},
   pages = {985-1000},
   year = {2020},
   type = {Conference Proceedings}
}

@inproceedings{RN457,
   author = {Macke, Stephen and Beutel, Alex and Kraska, Tim and Sathiamoorthy, Maheswaran and Cheng, Derek Zhiyuan and Chi, EH},
   title = {Lifting the curse of multidimensional data with learned existence indexes},
   booktitle = {Workshop on ML for Systems at NeurIPS},
   year = {2018},
   type = {Conference Proceedings}
}

@article{RN405,
   author = {Ho, Darryl and Ding, Jialin and Misra, Sanchit and Tatbul, Nesime and Nathan, Vikram and Md, Vasimuddin and Kraska, Tim},
   title = {LISA: towards learned DNA sequence search},
   journal = {arXiv preprint arXiv:1910.04728},
   year = {2019},
   type = {Journal Article}
}

@article{RN478,
   author = {Kraska, Tim and Minhas, Umar Farooq and Neumann, Thomas and Papaemmanouil, Olga and Patel, Jignesh M and Ré, Chris and Stonebraker, Michael},
   title = {ML-In-Databases: Assessment and Prognosis},
   journal = {Data Engineering},
   pages = {3},
   year = {2021},
   type = {Journal Article}
}

@article{RN429,
   author = {Mitzenmacher, Michael},
   title = {A model for learned bloom filters, and optimizing by sandwiching},
   journal = {arXiv preprint arXiv:1901.00902},
   year = {2019},
   type = {Journal Article}
}

@article{RN692,
   author = {Ferragina, Paolo and Lillo, Fabrizio and Vinciguerra, Giorgio},
   title = {On the performance of learned data structures},
   journal = {Theoretical Computer Science},
   ISSN = {0304-3975},
   year = {2021},
   type = {Journal Article}
}

@article{RN452,
   author = {Xiang, W. and Zhang, H. and Cui, R. and Chu, X. and Li, K. and Zhou, W.},
   title = {Pavo: A RNN-Based Learned Inverted Index, Supervised or Unsupervised?},
   journal = {IEEE Access},
   volume = {7},
   pages = {293-303},
   ISSN = {2169-3536},
   DOI = {10.1109/ACCESS.2018.2885350},
   year = {2019},
   type = {Journal Article}
}

@article{RN400,
   author = {Ferragina, Paolo and Vinciguerra, Giorgio},
   title = {The PGM-index: a fully-dynamic compressed learned index with provable worst-case bounds},
   journal = {Proceedings of the VLDB Endowment},
   volume = {13},
   number = {10},
   pages = {1162-1175},
   ISSN = {2150-8097},
   year = {2020},
   type = {Journal Article}
}

@article{RN426,
   author = {Li, Yaliang and Chen, Daoyuan and Ding, Bolin and Zeng, Kai and Zhou, Jingren},
   title = {A Pluggable Learned Index Method via Sampling and Gap Insertion},
   journal = {arXiv preprint arXiv:2101.00808},
   year = {2021},
   type = {Journal Article}
}

@article{RN415,
   author = {Kornaropoulos, Evgenios M and Ren, Silei and Tamassia, Roberto},
   title = {The Price of Tailoring the Index to Your Data: Poisoning Attacks on Learned Index Structures},
   journal = {arXiv preprint arXiv:2008.00297},
   year = {2020},
   type = {Journal Article}
}

@inproceedings{RN406,
   author = {Kipf, Andreas and Marcus, Ryan and van Renen, Alexander and Stoian, Mihail and Kemper, Alfons and Kraska, Tim and Neumann, Thomas},
   title = {RadixSpline: a single-pass learned index},
   booktitle = {Proceedings of the Third International Workshop on Exploiting Artificial Intelligence Techniques for Data Management},
   pages = {1-5},
   year = {2020},
   type = {Conference Proceedings}
}

@inproceedings{RN389,
   author = {Kraska, Tim and Alizadeh, Mohammad and Beutel, Alex and Chi, H and Kristo, Ani and Leclerc, Guillaume and Madden, Samuel and Mao, Hongzi and Nathan, Vikram},
   title = {Sagedb: A learned database system},
   booktitle = {CIDR},
   year = {2019},
   type = {Conference Proceedings}
}

@article{RN423,
   author = {Li, Pengfei and Hua, Yu and Zuo, Pengfei and Jia, Jingnan},
   title = {A scalable learned index scheme in storage systems},
   journal = {arXiv preprint arXiv:1905.06256},
   year = {2019},
   type = {Journal Article}
}

@article{RN419,
   author = {Hadian, Ali and Heinis, Thomas},
   title = {Shift-Table: A Low-latency Learned Index for Range Queries using Model Correction},
   journal = {arXiv preprint arXiv:2101.10457},
   year = {2021},
   type = {Journal Article}
}

@article{RN387,
   author = {Kipf, Andreas and Marcus, Ryan and van Renen, Alexander and Stoian, Mihail and Kemper, Alfons and Kraska, Tim and Neumann, Thomas},
   title = {SOSD: A benchmark for learned indexes},
   journal = {arXiv preprint arXiv:1911.13014},
   year = {2019},
   type = {Journal Article}
}

@article{RN696,
   author = {Eppert, Martin and Fent, Philipp and Neumann, Thomas},
   title = {A Tailored Regression for Learned Indexes: Logarithmic Error Regression},
   year = {2021},
   type = {Journal Article}
}

@article{RN458,
   author = {Dittrich, Jens and Nix, Joris and Schön, Christian},
   title = {There is No Such Thing as an" Index"! or: The next 500 Indexing Papers},
   journal = {arXiv preprint arXiv:2009.10669},
   year = {2020},
   type = {Journal Article}
}

@article{RN476,
   author = {Bindschaedler, Laurent and Kipf, Andreas and Kraska, Tim and Marcus, Ryan and Minhas, Umar Farooq},
   title = {Towards a Benchmark for Learned Systems},
   type = {Journal Article}
}

@article{RN724,
   author = {Kraska, Tim},
   title = {Towards instance-optimized data systems},
   type = {Journal Article}
}

@techreport{RN720,
   author = {Stoian, Mihail and Kipf, Andreas and Marcus, Ryan and Kraska, Tim},
   title = {Towards Practical Learned Indexing},
   year = {2021},
   type = {Report}
}

@article{RN404,
   author = {Ding, Jialin and Nathan, Vikram and Alizadeh, Mohammad and Kraska, Tim},
   title = {Tsunami: A learned multi-dimensional index for correlated data and skewed workloads},
   journal = {arXiv preprint arXiv:2006.13282},
   year = {2020},
   type = {Journal Article}
}

@article{RN711,
   author = {Wu, Jiacheng and Zhang, Yong and Chen, Shimin and Wang, Jin and Chen, Yu and Xing, Chunxiao},
   title = {Updatable Learned Index with Precise Positions},
   journal = {arXiv preprint arXiv:2104.05520},
   year = {2021},
   type = {Journal Article}
}

@article{RN710,
   author = {Sabek, Ibrahim and Vaidya, Kapil and Horn, Dominik and Kipf, Andreas and Kraska, Tim},
   title = {When Are Learned Models Better Than Hash Functions?},
   journal = {arXiv preprint arXiv:2107.01464},
   year = {2021},
   type = {Journal Article}
}

@inproceedings{RN399,
   author = {Ferragina, Paolo and Lillo, Fabrizio and Vinciguerra, Giorgio},
   title = {Why Are Learned Indexes So Effective?},
   booktitle = {International Conference on Machine Learning},
   publisher = {PMLR},
   pages = {3123-3132},
   ISBN = {2640-3498},
   year = {2020},
   type = {Conference Proceedings}
}

